2912 4730
359 348 527 460 plurima
541 349 724 426 dehemus
739 345 869 420 officiis
880 369 924 420 ac
934 343 1077 418 meritis
1097 344 1326 450 ornatissimi

218 544 236 560 s
322 546 329 560 ,
357 493 432 568 viri
455 481 901 586 rerumquc'Baden'sium
922 481 1137 586 peritissimi
1153 481 1327 556 msam.

358 629 568 708 Ercnaoor,
582 619 614 690 S.
630 617 681 690 Μ.
694 617 740 690 D.
755 617 776 690 ὲ
794 615 960 690 consiliis
972 613 1232 700 sanctioribus,
1255 610 1323 714 qui

356 756 501 834 summa
516 750 721 826 nobiscum
735 749 966 824 liberalitate
985 746 1034 820 dc
1056 746 1133 820 suis
1154 771 1333 820 cominu·¹

354 892 504 968 nieavit
555 887 703 960 Primus
721 884 893 960 audendi
910 855 1159 960 suasorideni
1176 909 1219 956 ac
1234 883 1323 958 hor-

354 1039 455 1096 tator
470 1019 594 1094 extitit
609 1019 666 1094 vir
684 1019 969 1106 illustrissimus,
991 1013 1325 1092 desideratissimus

354 1155 657 1246 anfiaauzsa,
682 1157 721 1228 L.
740 1153 810 1230 Gr.
821 1154 927 1257 apud
948 1151 1220 1256 Lugdunenses
1233 1153 1332 1247 Ρτο·ι

257 1373 258 1376 ,
351 1293 487 1382 sessor,
513 1313 631 1391 quem
647 1285 765 1363 modo
783 1285 919 1360 nostris
936 1301 1113 1388 ereptum
1128 1284 1325 1386 lugebant,

352 1429 431 1532 jam
458 1427 655 1524 redditum
676 1423 984 1528 plauduntxcum
1006 1419 1118 1494 bonis
1144 1420 1324 1496 omnibus

352 1567 486 1641 Musae
509 1547 714 1638 Palatinae.
761 1561 842 1635 Nec
867 1557 992 1651 defuit
1011 1557 1189 1664 auspiciis
1211 1585 1324 1633 even·
1444 1556 1452 1570 '

352 1715 423 1775 tus.
481 1699 630 1798 Placuit
657 1697 820 1774 Summis
845 1695 1063 1774 studiorum
1094 1695 1324 1773 Badensium

351 1831 662 1918 Moderatoribus
701 1832 904 1936 indulgere
938 1833 1138 1937 specimini
1172 1833 1323 1910 solenni

350 1968 529 2071 suffragio
541 1985 579 2044 et
587 1970 772 2072 singulari
786 1971 970 2074 rescripto
985 1972 1206 2049 clementiss
1223 1974 1325 2048 testi·
1344 2009 1362 2016 „

282 2148 284 2156 ι
352 2104 458 2180 ficari
474 2093 602 2208 coepti
626 2103 807 2193 favorem,
822 2103 967 2180 adscito
976 2075 1090 2180 simul
1106 2105 1208 2182 inter
1221 2129 1323 2181 com·

350 2241 494 2348 pendia
509 2239 653 2316 libello.
702 2241 789 2316 Hoc
811 2257 960 2328 autem,
996 2235 1324 2341 quemadmodum

350 2377 508 2482 insignis
525 2378 773 2454 humanitatis
790 2394 831 2452 et
844 2376 988 2479 gratiae
1007 2375 1251 2480 praeclarum
1264 2376 1324 2450 in·
1446 2389 1450 2483 ζ

350 2510 514 2602 dicium,
546 2513 600 2586 ita
629 2513 811 2588 laborum
844 2512 974 2586 adhuc
999 2513 1245 2588 laetissimum
1265 2516 1324 2588 in·
1445 2535 1449 2592 ,ὲ

350 2649 611 2722 citamentum.
656 2647 744 2720 Pars
773 2647 912 2736 altera,
944 2647 1233 2750 provinciarum
1256 2649 1343 2722 Ba..
1445 2658 1448 2686 τ

352 2771 528 2848 densium
551 2771 750 2856 historiam
776 2803 967 2870 unacum
993 2782 1210 2879 potioribus
1226 2783 1323 2858 Ger-

351 2906 524 2982 manicae
536 2907 738 2982 momentis
749 2908 1014 3012 perstringens,
1026 2912 1200 3014 proxime
1211 2915 1321 3016 prelo

351 3039 600 3162 subjicienda,
613 3044 721 3120 brevi
733 3063 820 3148 post
828 3045 1031 3124 intervallo
1043 3050 1321 3155 publicabitur.
1446 3075 1449 3107 =

353 3332 592 3425 Hsydelbsrgae
611 3335 681 3400 XV.
705 3334 839 3438 calend..
857 3331 971 3402 Octob.

556 3491 775 3561 Moccmx.
